@misc{w35,
  title={Statistical analysis and discussion of Ridge and Lasso regression},
  author={Morthen H. J.},
  howpublished = {"\url{https://compphysics.github.io/MachineLearning/doc/pub/week35/html/week35.html}"}, 
  year={2022}
}


@misc{w36,
  title={Statistical analysis and discussion of Ridge and Lasso regression},
  author={Morthen H. J.},
  howpublished = {"\url{https://compphysics.github.io/MachineLearning/doc/pub/week36/html/week36.html}"}, 
  year={2022}
}

@misc{w37,
  title={Resampling techniques, Cross-validation and the Bootstrap},
  author={Morten H. J.},
  howpublished = {"\url{https://compphysics.github.io/MachineLearning/doc/pub/week37/html/week37.html"} }, 
  year={2022}
}


